@article{deluca2006roundup,
  title={{Roundup: a multi-genome repository of orthologs and evolutionary distances}},
  author={DeLuca, T.F. and Wu, I. and Pu, J. and Monaghan, T. and Peshkin, L. and Singh, S. and Wall, D.P. and others},
  journal={Bioinformatics},
  volume={22},
  number={16},
  pages={2044},
  year={2006},
  publisher={Oxford Univ Press}
}

@article{wall2003detecting,
  title={{Detecting putative orthologs}},
  author={Wall, DP and Fraser, HB and Hirsh, AE},
  journal={Bioinformatics},
  volume={19},
  number={13},
  pages={1710},
  year={2003},
  publisher={Oxford Univ Press}
}

@article{gould2010elm,
  title={{ELM: the status of the 2010 eukaryotic linear motif resource}},
  author={Gould, C.M. and Diella, F. and Via, A. and Puntervoll, P. and Gemund, C. and Chabanis-Davidson, S. and Michael, S. and Sayadi, A. and Bryne, J.C. and Chica, C. and others},
  journal={Nucleic Acids Research},
  volume={38},
  number={Database issue},
  pages={D167},
  year={2010},
  publisher={Oxford Univ Press}
}

@conference{levenshteiti1966binary,
  title={{Binary codes capable of correcting deletions, insertions, and reversals}},
  author={Levenshteiti, V.},
  booktitle={Soviet Physics-Doklady},
  volume={10},
  number={8},
  year={1966}
}

@article{lin1991divergence,
  title={{Divergence measures based on the Shannon entropy}},
  author={Lin, J.},
  journal={IEEE Transactions on Information theory},
  volume={37},
  number={1},
  pages={145--151},
  year={1991},
  publisher={Citeseer}
}

@article{jun2010whole,
  title={{Whole-proteome phylogeny of prokaryotes by feature frequency profiles: An alignment-free method with optimal feature resolution}},
  author={Jun, S.R. and Sims, G.E. and Wu, G.A. and Kim, S.H.},
  journal={Proceedings of the National Academy of Sciences},
  volume={107},
  number={1},
  pages={133},
  year={2010},
  publisher={National Acad Sciences}
}

@article{solovyov2010host,
  title={{Host Dependent Evolutionary Patterns and the Origin of 2009 H1N1 Pandemic Influenza}},
  author={Solovyov, A. and Greenbaum, B. and Palacios, G. and Lipkin, W.I. and Rabadan, R.},
  journal={PLoS currents. Influenza},
  year={2010}
}

@article{chan2009decoding,
  title={{Decoding the multifaceted HIV-1 virus-host interactome}},
  author={Chan, E.Y. and Korth, M.J. and Katze, M.G.},
  journal={Journal of Biology},
  volume={8},
  number={9},
  pages={84},
  year={2009},
  publisher={BioMed Central Ltd}
}

@article{kadaveru13viral,
  title={{Viral infection and human disease-insights from minimotifs}},
  author={Kadaveru, K. and Vyas, J. and Schiller, M.R.},
  journal={Frontiers in bioscience: a journal and virtual library},
  volume={13},
  pages={6455},
  publisher={NIH Public Access}
}

@article{murphy2000simplified,
  title={{Simplified amino acid alphabets for protein fold recognition and implications for folding}},
  author={Murphy, L.R. and Wallqvist, A. and Levy, R.M.},
  journal={Protein Engineering Design and Selection},
  volume={13},
  number={3},
  pages={149},
  year={2000},
  publisher={Oxford Univ Press}
}



